<record><leader>00000cas a22000007a 4500</leader><controlfield tag="001">36314047</controlfield><controlfield tag="008">970203d19701975sdudn ne      0    0eng d</controlfield><datafield ind1=" " ind2=" " tag="010"><subfield code="a">sn 97065728 </subfield></datafield><datafield ind1=" " ind2=" " tag="040"><subfield code="a">SXN</subfield><subfield code="b">eng</subfield><subfield code="c">SXN</subfield><subfield code="d">OCLCQ</subfield><subfield code="d">OCLCF</subfield><subfield code="d">OCLCO</subfield></datafield><datafield ind1="1" ind2=" " tag="029"><subfield code="a">AU@</subfield><subfield code="b">000013092862</subfield></datafield><datafield ind1=" " ind2=" " tag="042"><subfield code="a">msc</subfield></datafield><datafield ind1=" " ind2=" " tag="043"><subfield code="a">n-us-sd</subfield></datafield><datafield ind1="0" ind2=" " tag="130"><subfield code="a">Belle Fourche daily post (Belle Fourche, S.D. : 1970)</subfield></datafield><datafield ind1="1" ind2="4" tag="245"><subfield code="a">The Belle Fourche daily post.</subfield></datafield><datafield ind1=" " ind2=" " tag="260"><subfield code="a">Belle Fourche, S.D. :</subfield><subfield code="b">Northwest Publishers</subfield></datafield><datafield ind1=" " ind2=" " tag="300"><subfield code="a">v.</subfield></datafield><datafield ind1=" " ind2=" " tag="310"><subfield code="a">Daily (except Sun. and Mon.)</subfield></datafield><datafield ind1="0" ind2=" " tag="362"><subfield code="a">Vol. 68, no. 110 (Mar. 7, 1970)-v. [73], no. 156 (May 16, 1975).</subfield></datafield><datafield ind1=" " ind2=" " tag="515"><subfield code="a">Issue numbers irregular.</subfield></datafield><datafield ind1=" " ind2=" " tag="530"><subfield code="a">Available on microfilm from: State Archives, South Dakota State Historical Society.</subfield></datafield><datafield ind1=" " ind2=" " tag="580"><subfield code="a">Weekly ed.: Belle Fourche bee.</subfield></datafield><datafield ind1=" " ind2="0" tag="651"><subfield code="a">Belle Fourche (S.D.)</subfield><subfield code="v">Newspapers.</subfield></datafield><datafield ind1=" " ind2="0" tag="651"><subfield code="a">Butte County (S.D.)</subfield><subfield code="v">Newspapers.</subfield></datafield><datafield ind1=" " ind2="7" tag="655"><subfield code="a">Newspapers.</subfield><subfield code="2">fast</subfield><subfield code="0">(OCoLC)fst01423814</subfield></datafield><datafield ind1=" " ind2="7" tag="651"><subfield code="a">South Dakota</subfield><subfield code="z">Belle Fourche.</subfield><subfield code="2">fast</subfield><subfield code="0">(OCoLC)fst01228908</subfield></datafield><datafield ind1=" " ind2="7" tag="651"><subfield code="a">South Dakota</subfield><subfield code="z">Butte County.</subfield><subfield code="2">fast</subfield><subfield code="0">(OCoLC)fst01215575</subfield></datafield><datafield ind1=" " ind2=" " tag="752"><subfield code="a">United States</subfield><subfield code="b">South Dakota</subfield><subfield code="c">Butte</subfield><subfield code="d">Belle Fourche.</subfield></datafield><datafield ind1="1" ind2=" " tag="775"><subfield code="t">Belle Fourche bee</subfield><subfield code="w">(DLC)sn 86071138</subfield></datafield><datafield ind1="0" ind2="0" tag="780"><subfield code="t">Daily Belle Fourche post (Belle Fourche, S.D. : 1957)</subfield><subfield code="w">(DLC)sn 97065727</subfield></datafield><datafield ind1="0" ind2="0" tag="785"><subfield code="t">Daily Belle Fourche post (Belle Fourche, S.D. : 1975)</subfield><subfield code="w">(DLC)sn 97065729</subfield></datafield></record>